@article{Motik200974,
	title = "Bridging the gap between {OWL} and relational databases ",
	journal = "Web Semantics: Science, Services and Agents on the World Wide Web ",
	volume = "7",
	number = "2",
	pages = "74 - 89",
	year = "2009",
	note = "",
	issn = "1570-8268",
	doi = "http://dx.doi.org/10.1016/j.websem.2009.02.001",
	url = "http://www.sciencedirect.com/science/article/pii/S1570826809000031",
	author = "Boris Motik and Ian Horrocks and Ulrike Sattler",
	keywords = "Integrity constraints",
	keywords = "Relational databases",
	keywords = "\{OWL\}",
	keywords = "Semantic Web "
}

@inproceedings{SirinSW08,
  author    = {Evren Sirin and
               Michael Smith and
               Evan Wallace},
  title     = {Opening, Closing Worlds - On Integrity Constraints},
  booktitle = {Proceedings of the Fifth {OWLED} Workshop on {OWL:} Experiences and
               Directions, collocated with the 7th International Semantic Web Conference
               (ISWC-2008), Karlsruhe, Germany, October 26-27, 2008},
  year      = {2008},
  url       = {http://ceur-ws.org/Vol-432/owled2008eu_submission_30.pdf},
  timestamp = {Sun, 15 Feb 2009 16:21:25 +0100},
  biburl    = {http://dblp.uni-trier.de/rec/bib/conf/owled/SirinSW08},
  bibsource = {dblp computer science bibliography, http://dblp.org}
}

@article{Uschold:2004:OSS:1041410.1041420,
 author = {Uschold, Michael and Gruninger, Michael},
 title = {Ontologies and Semantics for Seamless Connectivity},
 journal = {SIGMOD Rec.},
 issue_date = {December 2004},
 volume = {33},
 number = {4},
 month = dec,
 year = {2004},
 issn = {0163-5808},
 pages = {58--64},
 numpages = {7},
 url = {http://doi.acm.org/10.1145/1041410.1041420},
 doi = {10.1145/1041410.1041420},
 acmid = {1041420},
 publisher = {ACM},
 address = {New York, NY, USA},
} 


